<?xml version="1.0" encoding="UTF-8"?><record xmlns="http://www.loc.gov/MARC21/slim" xmlns:cinclude="http://apache.org/cocoon/include/1.0" xmlns:zs="http://www.loc.gov/zing/srw/">
  <leader>00464nz  a2200157n  4500</leader>
  <controlfield tag="001">no2001073817</controlfield>
  <controlfield tag="003">DLC</controlfield>
  <controlfield tag="005">20010918071035.0</controlfield>
  <controlfield tag="008">010917n| acannaab           |n aaa     c</controlfield>
  <datafield tag="010" ind1=" " ind2=" ">
    <subfield code="a">no2001073817</subfield>
  </datafield>
  <datafield tag="035" ind1=" " ind2=" ">
    <subfield code="a">(OCoLC)oca05583647</subfield>
  </datafield>
  <datafield tag="040" ind1=" " ind2=" ">
    <subfield code="a">RPB</subfield>
    <subfield code="b">eng</subfield>
    <subfield code="c">RPB</subfield>
  </datafield>
  <datafield tag="100" ind1="1" ind2=" ">
    <subfield code="a">Cain, Paloma</subfield>
  </datafield>
  <datafield tag="670" ind1=" " ind2=" ">
    <subfield code="a">Grasshopper, 2000:</subfield>
    <subfield code="b">t.p. (Paloma Cain)</subfield>
  </datafield>
  <datafield tag="670" ind1=" " ind2=" ">
    <subfield code="a">OCLC, Sept. 17, 2001</subfield>
    <subfield code="b">(hdg.: Cain, Paloma; usage: Paloma Cain)</subfield>
  </datafield>
  <datafield tag="675" ind1=" " ind2=" ">
    <subfield code="a">Grove dict. of art online, Aug. 30, 2001.</subfield>
  </datafield>
</record>